 % Planning optimal graps
@inproceedings{ferrari1992planning,
  title={Planning optimal grasps},
  author={Ferrari, Carlo and Canny, John},
  booktitle={Robotics and Automation, 1992. Proceedings., 1992 IEEE International Conference on},
  pages={2290--2295},
  year={1992},
  organization={IEEE}
}

% Review of graps metrics
@article{roa2015grasp,
  title={Grasp quality measures: review and performance},
  author={Roa, M{\'a}ximo A and Su{\'a}rez, Ra{\'u}l},
  journal={Autonomous robots},
  volume={38},
  number={1},
  pages={65--88},
  year={2015},
  publisher={Springer}
}


%%%  Underactuated hands
@inproceedings{pozzi2016grasp,
  title={Grasp quality evaluation in underactuated robotic hands},
  author={Pozzi, Maria and Sundaram, Ashok M and Malvezzi, Monica and Prattichizzo, Domenico and Roa, M{\'a}ximo A},
  booktitle={Intelligent Robots and Systems (IROS), 2016 IEEE/RSJ International Conference on},
  pages={1946--1953},
  year={2016},
  organization={IEEE}
}
%%% Simulação dinamica
@article{kim2013physically,
  title={Physically based grasp quality evaluation under pose uncertainty},
  author={Kim, Junggon and Iwamoto, Kunihiro and Kuffner, James J and Ota, Yasuhiro and Pollard, Nancy S},
  journal={IEEE Transactions on Robotics},
  volume={29},
  number={6},
  pages={1424--1439},
  year={2013},
  publisher={IEEE}
}

%% Sensores tateis
@inproceedings{paulino2017low,
  title={Low-cost 3-axis soft tactile sensors for the human-friendly robot Vizzy},
  author={Paulino, Tiago and Ribeiro, Pedro and Neto, Miguel and Cardoso, Susana and Schmitz, Alexander and Santos-Victor, Jose and Bernardino, Alexandre and Jamone, Lorenzo},
  booktitle={Robotics and Automation (ICRA), 2017 IEEE International Conference on},
  pages={966--971},
  year={2017},
  organization={IEEE}
}

%% VIZZY PAPER
@inproceedings{moreno2016vizzy,
  title={Vizzy: A humanoid on wheels for assistive robotics},
  author={Moreno, Plinio and Nunes, Ricardo and Figueiredo, Rui and Ferreira, Ricardo and Bernardino, Alexandre and Santos-Victor, Jos{\'e} and Beira, Ricardo and Vargas, Lu{\'\i}s and Aragao, Duarte and Aragao, Miguel},
  booktitle={Robot 2015: Second Iberian Robotics Conference},
  pages={17--28},
  year={2016},
  organization={Springer}
}
%% Syngrasp
@inproceedings{malvezzi2013syngrasp,
  title={Syngrasp: a matlab toolbox for grasp analysis of human and robotic hands},
  author={Malvezzi, Monica and Gioioso, Guido and Salvietti, Gionata and Prattichizzo, Domenico and Bicchi, Antonio},
  booktitle={Robotics and Automation (ICRA), 2013 IEEE International Conference on},
  pages={1088--1093},
  year={2013},
  organization={IEEE}
}